<record><leader>00000cas a22000007a 4500</leader><controlfield tag="001">10426868</controlfield><controlfield tag="008">840217d19691983ctuwr ne      0   a0eng d</controlfield><datafield ind1=" " ind2=" " tag="010"><subfield code="a">sn 84009469 </subfield></datafield><datafield ind1=" " ind2=" " tag="040"><subfield code="a">NSD</subfield><subfield code="b">eng</subfield><subfield code="c">NSD</subfield><subfield code="d">CNW</subfield><subfield code="d">OCLCQ</subfield></datafield><datafield ind1=" " ind2=" " tag="012"><subfield code="j">0</subfield></datafield><datafield ind1="1" ind2=" " tag="022"><subfield code="a">0746-9659</subfield><subfield code="l">0746-9659</subfield><subfield code="2">1</subfield></datafield><datafield ind1=" " ind2=" " tag="042"><subfield code="a">nsdp</subfield><subfield code="a">msc</subfield></datafield><datafield ind1="0" ind2=" " tag="130"><subfield code="a">Enfield press (Thompsonville, Conn.)</subfield></datafield><datafield ind1=" " ind2="4" tag="222"><subfield code="a">The Enfield press</subfield><subfield code="b">(?983)</subfield></datafield><datafield ind1="1" ind2="0" tag="245"><subfield code="a">Enfield press.</subfield></datafield><datafield ind1=" " ind2=" " tag="260"><subfield code="a">Thompsonville, Conn. :</subfield><subfield code="b">Enfield Printers</subfield></datafield><datafield ind1=" " ind2=" " tag="310"><subfield code="a">Weekly</subfield></datafield><datafield ind1="0" ind2=" " tag="362"><subfield code="a">90th year, no. 1 (June 19, 1969)-103rd year, no. 48 (May 12, 1983).</subfield></datafield><datafield ind1=" " ind2=" " tag="500"><subfield code="a">Published in Enfield, Conn., &lt;Jan. 1972&gt;-1983.</subfield></datafield><datafield ind1=" " ind2=" " tag="515"><subfield code="a">Issues for Jun. 19, 1969-May 22, 1980 also called: Vol. 90-v. 99. Issues for July 26, 1979-&lt;May 8, 1980&gt; lack numbering.</subfield></datafield><datafield ind1=" " ind2=" " tag="530"><subfield code="a">Available on microfilm from New England Micrographics, Marlboro, Mass.</subfield></datafield><datafield ind1=" " ind2="4" tag="651"><subfield code="a">Thompsonville (Conn.)</subfield><subfield code="v">Newspapers.</subfield></datafield><datafield ind1=" " ind2="4" tag="651"><subfield code="a">Enfield (Conn.)</subfield><subfield code="v">Newspapers.</subfield></datafield><datafield ind1=" " ind2=" " tag="752"><subfield code="a">United States</subfield><subfield code="b">Connecticut</subfield><subfield code="c">Hartford</subfield><subfield code="d">Enfield.</subfield></datafield><datafield ind1="0" ind2="0" tag="780"><subfield code="t">Thompsonville press</subfield><subfield code="w">(DLC)sn 93053736</subfield></datafield><datafield ind1="0" ind2="0" tag="785"><subfield code="t">Press (Enfield, Conn.)</subfield><subfield code="x">0746-9780</subfield><subfield code="w">(DLC)sn 84009468</subfield><subfield code="w">(OCoLC)10426925</subfield></datafield><datafield ind1=" " ind2=" " tag="936"><subfield code="a">Jan. 25, 1984</subfield></datafield><datafield ind1="1" ind2=" " tag="029"><subfield code="a">AU@</subfield><subfield code="b">000020655772</subfield></datafield></record>